@PhDThesis{ Privat2006,
	author = "Privat, J.",
	title = "De l’expressivit{\'e} {\`a} l’efficacit{\'e} une approche modulaire des langages {\`a} objets",
	year = "2006",
	school = "Universit{\'e} Montpellier, France"
}

@Book{ Nathan:2002,
	title = "{.Net and Com: The Complete Interoperability Guide}",
	author = "A. Nathan",
	year = "2002",
	publisher = "Sams"
}

@InProceedings{ Alliet+Megacz:2004,
	title = "{Complete translation of unsafe native code to safe bytecode}",
	author = "B. Alliet and A. Megacz",
	booktitle = "Proceedings of the 2004 workshop on Interpreters, virtual machines and emulators",
	pages = "32--41",
	year = "2004",
	organization = "ACM, États-Unis"
}

@Article{ Bishop+Horspool+Worrall:2002,
	title = "{Experience in integrating Java with C\# and .NET}",
	author = "J. Bishop and R.N. Horspool and B. Worrall",
	journal = "Concurrency and Computation: Practice and Experience",
	volume = "17",
	year = "2005",
	publisher = "John Wiley \& Sons, Ltd. Chichester, UK"
}

@InProceedings{ safejni,
	title = "{Safe Java native interface}",
	author = "G. Tan and A.W. Appel and S. Chakradhar and others",
	booktitle = "Proceedings of IEEE International Symposium on Secure Software Engineering",
	pages = "97--106",
	year = "2006",
}

@Book{ Asher:2002,
	author = "G. Asher",
	title = "The dark art of C\# programming: .Net Core language",
	publisher = "Trafford Publishing",
	year = "2002"
}

@TechReport{ csharp,
	author = "ECMA",
	title = "C\# Language Specification",
	institution = "ECMA",
	year = "2006",
	number = "334"
}

@TechReport{ cli,
	title = {{Common Language Infrastructure (CLI)}},
	institution = "ECMA",
	year = "2006",
	number = "335"
}

@Electronic{ mono-arch,
	title = "Mono .NET Framework Architecture",
	howpublished = "http://www.mono-project.com/.NET_Framework_Architecture",
	url = "\url{http://www.mono-project.com/.NET_Framework_Architecture}",
	key = "Mono .NET Framework Architecture",
	year = "2010"
}

@Book{ java,
	title = "The Java Language Specification",
	author = "J. Gosling and B. Joy and G. Steele and G. Bracha",
	publisher = "Addison-Wesley, États-Unis",
	edition = "Troisi{\`e}me",
	year = "2005"
}

@Book{ jni,
	author = "S. Liang",
	title = "The Java Native Interface",
	publisher = "Addison-Wesley, États-Unis",
	year = "1999"
}

@Book{ pythonRef,
	author = "G. {v. Rossum}",
	title = "The Python Language Reference",
	publisher = "Python Software Foundation, États-Unis",
	year = "2009",
	edition = "3.0.1"
}

@Book{ pythonCAPI,
	author = "G. {v. Rossum}",
	title = "The Python/C API",
	publisher = "Python Software Foundation, États-Unis",
	year = "2009",
	edition = "3.0.1"
}

@Book{ pythonExt,
	author = "G. {v. Rossum}",
	title = "Extending and Embedding the Python Interpreter",
	publisher = "Python Software Foundation, États-Unis",
	year = "2009",
	edition = "3.0.1"
}

@Book{ pythonAdv,
	author = "G. {v. Rossum}",
	title = "Python Advocacy HOWTO",
	publisher = "Python Software Foundation, États-Unis",
	year = "2009",
	edition = "3.0.1"
}

@Book{ python-lib,
	author = "G. {v. Rossum}",
	title = "The Python Library Reference",
	publisher = "Python Software Foundation, États-Unis",
	year = "2009",
	edition = "3.0.1"
}

@Book{ python-tutorial,
	title = "Python Tutorial",
  	author = "G. {v. Rossum} and F.L. {Drake Jr}",
	publisher = "Python Software Foundation, États-Unis",
	year = "2009",
	edition = "3.0.1"
}

@Book{ progRuby,
	title = "Programming Ruby: The Pragmatic Programmers' Guide",
	author = "D. Thomas and C. Fowler and A. Hunt",
	publisher = "The Pragmatic Bookshelf, États-Unis",
	edition = "Second",
	year = "2004",
	isbn = "978-0-9745-1405-5 "
}

@Electronic{ rubyAbout,
	title = "About Ruby",
	url = "\url{http://www.ruby-lang.org/en/about/\#fn1}",
	howpublished = "\url{http://www.ruby-lang.org/en/about/\#fn1}",
	key = "About Ruby",
	year = "2010",
	key = "About Ruby"
}

@Book{ rubyCookbook,
	title = "Ruby Cookbook",
	author = "L. Carlson and L. Richardson",
	publisher = "O'Reilly, États-Unis",
	month = jul,
	year = "2006 ",
	isbn = "9780596523695"
}

@Electronic{ csCallback,
	title = "Implementing Callback Functions",
	howpublished = "\url{http://msdn.microsoft.com/en-us/library/d186xcf0(VS.71).aspx}",
	url = "\url{http://msdn.microsoft.com/en-us/library/d186xcf0(VS.71).aspx}",
	year = "2011",
	key = "Implementing Callback"
}

@TechReport{ jni2,
	title = "Java Native Interface Specification",
	author = "S. Liang",
	institution = "JavaSoft",
	month = jan,
	year = "1997"
}

@Electronic{ rubyInline,
	title = "Ruby Inline Readme",
	howpublished = "\url{http://rubyinline.rubyforge.org/RubyInline/}",
	year = "2008",
	url = "http://rubyinline.rubyforge.org/RubyInline/",
	key = "Ruby Inline Readme",
}

@Electronic{ rubyInline2,
	title = "Ruby Inline",
	howpublished = "\url{http://www.zenspider.com/ZSS/Products/RubyInline/}",
	url = "\url{http://www.zenspider.com/ZSS/Products/RubyInline/}",
	key = "Ruby Inline",
}

@InProceedings{ janet,
	title = "{Creating Java to native code interfaces with Janet extension}",
	author = "M. Bubak and D. Kurzyniec and P. Luszczek",
	booktitle = "Proceedings of the First Worldwide SGI Users’ Conference",
	pages = "283--294",
	year = "2000",
}

@InProceedings{ bubak2000vsb,
	title = "{A versatile support for binding native code to Java}",
	author = "M. Bubak and D. Kurzyniec and P. Luszczek",
	booktitle = "High Performance Computing and Networking: 8th International Conference, HPCN Europe 2000, Amsterdam, The Netherlands, May 8-10, 2000: Proceedings",
	pages = "373",
	year = "2000",
	publisher = "Springer, Allemagne"
}

@Article{ klinkoff2007ens,
	title = "{Extending .NET security to unmanaged code}",
	author = "P. Klinkoff and E. Kirda and C. Kruegel and G. Vigna",
	journal = "International Journal of Information Security",
	volume = "6",
	number = "6",
	pages = "417--428",
	year = "2007",
	publisher = "Springer, Allemagne"
}

@conference{barrett1996ass,
    title={{Automated support for seamless interoperability in polylingual software systems}},
    author={Barrett, D.J. and Kaplan, A. and Wileden, J.C.},
    booktitle={Proceedings of the 4th ACM SIGSOFT symposium on Foundations of software engineering},
    pages={147--155},
    year={1996},
    organization={ACM, États-Unis}
}

@inproceedings{jeannie,
  title={Jeannie: Granting Java native interface developers their wishes},
  author={Hirzel, M. and Grimm, R.},
  booktitle={Proceedings of the 22nd annual ACM SIGPLAN conference on Object-oriented programming systems and applications},
  pages={19--38},
  year={2007},
  organization={ACM, États-Unis}
}
@book{hall2001programming,
  title={Programming linux games},
  author={Hall, J.R.},
  year={2001},
  publisher={No Starch Press, États-Unis}
}

@Electronic{ sdl.org,
	title = "Simple DirectMedia Layer",
	url = "\url{http://www.sdl.org}",
	howpublished = "\url{http://www.sdl.org}",
	year = "2011",
	key = "Simple DirectMedia Layer",
}

@article{jinn,
  title={Jinn: synthesizing dynamic bug detectors for foreign language interfaces},
  author={Lee, B. and Wiedermann, B. and Hirzel, M. and Grimm, R. and McKinley, K.S.},
  journal={ACM SIGPLAN Notices},
  volume={45},
  number={6},
  pages={36--49},
  year={2010},
  publisher={ACM, États-Unis}
}

@article{eiffel,
  title={Eiffel: the language},
  author={Meyer, B.},
  year={1992},
  publisher={Prentice-Hall, États-Unis}
}



@Electronic{ eiffel.com,
	title = "Eiffel Software",
	url = "\url{http://www.eiffel.com/}",
	howpublished = "\url{http://www.eiffel.com/}",
	year = "2011",
	key = "Eiffel Software",
}

@Electronic{ eiffel-c,
	title = "Eiffel - C Externals",
	url = "\url{http://doc.eiffel.com/book/solutions/c-externals}",
	howpublished = "\url{http://doc.eiffel.com/book/solutions/c-externals}",
	year = "2011",
	key = "Eiffel - C Externals",
}

@Electronic{ eiffel-c++,
	title = "Eiffel - C++ Externals",
	url = "\url{http://doc.eiffel.com/book/solutions/c-externals-0}",
	howpublished = "\url{http://doc.eiffel.com/book/solutions/c-externals-0}",
	year = "2011",
	key = "Eiffel - C++ Externals"
}

@book{c++,
  title={The C++ programming language},
  author={Stroustrup, B. et al.},
  volume={3},
  year={1997},
  publisher={Addison-Wesley Reading, États-Unis},
  pages={205--207}
}

@book{kernighan1988c,
  title={The C programming language},
  author={Kernighan, B.W. and Ritchie, D.M. and Ejeklint, P.},
  volume={78},
  year={1988},
  publisher={Prentice Hall, États-Unis}
}

@article{gcc461,
  title={Using the GNU Compiler Collection (GCC): GCC Version 4.6.1},
  author={Stallman, R.},
  journal={Free Software Foundation},
  year={2010}
}

@TechReport{ gcc-avr-inline-asm,
	title = "GCC-AVR Inline Assemble Cookbook",
	author = "Kipp H.",
	institution = "egnite Software GmbH",
	month = aug,
	year = "2002"
}


@inproceedings{csharp-sandbox,
  title={Native client: A sandbox for portable, untrusted x86 native code},
  author={Yee, B. and Sehr, D. and Dardyk, G. and Chen, J.B. and Muth, R. and Ormandy, T. and Okasaka, S. and Narula, N. and Fullagar, N.},
  booktitle={2009 30th IEEE Symposium on Security and Privacy},
  pages={79--93},
  year={2009},
  organization={IEEE, États-Unis}
}

@article{csharp-extending,
  title={Extending. NET Security to Unmanaged Code},
  author={Klinkoff, P. and Kruegel, C. and Kirda, E. and Vigna, G.},
  journal={Information Security},
  pages={1--16},
  year={2006},
  publisher={Springer, Allemagne}
}

@article{privat-maitrise,
  title={Analyse de types et graphe d’appels en compilation s{\'e}par{\'e}e},
  author={Privat, J.},
  journal={M{\'e}moire de DEA, Universit{\'e} Montpellier II, France},
  year={2002}
}

@Electronic{ ruby-readme.ext,
	title = "ruby version 2.7.2 - README.EXT",
	url = "https://github.com/ruby/ruby/blob/ruby_1_9_2/README.EXT",
	howpublished = "\url{https://github.com/ruby/ruby/blob/ruby_1_9_2/README.EXT}",
	year={2011},
	key={ruby readme}
}

@Electronic{ swig-preface,
	title = "SWIG version 2.0 - documentation - preface",
	url = "http://www.swig.org/Doc2.0/Preface.html",
	howpublished = "\url{http://www.swig.org/Doc2.0/Preface.html}",
	year={2011},
	key={SWIG preface}
}

@Electronic{ go-spec,
	title = "The Go Programming Language Specification",
	url = "http://golang.org/doc/go_spec.html",
	howpublished = "http://golang.org/doc/go_spec.html",
	year={2011},
	month={Juin},
	key={The Go Programming Language Specification}
}


@Electronic{ cmd-cgo,
	title = "Command cgo",
	url = "http://golang.org/cmd/cgo/",
	howpublished = "\url{http://golang.org/cmd/cgo/}",
	year={2011},
	month={Août},
	key={Command cgo},
	organization={Google, États-Unis}
}

@Electronic{ jna-readme,
	title = "JNA - readme -v3.3.0",
	url = "https://github.com/twall/jna/blob/3.3.0/README.md",
	howpublished = "\url{https://github.com/twall/jna/blob/3.3.0/README.md}",
	year={2011},
	month={Juin},
	key={JNA readme}
}

@Electronic{ jna-mappings,
	title = "JNA - mappings -v3.3.0",
	url = "https://github.com/twall/jna/blob/3.3.0/www/Mappings.md",
	howpublished = "\url{https://github.com/twall/jna/blob/3.3.0/www/Mappings.md}",
	year={2011},
	month={jun},
	key={JNA mappings}
}

@inproceedings{checking-type-safety,
  title={Checking type safety of foreign function calls},
  author={Furr, M. and Foster, J.S.},
  booktitle={ACM SIGPLAN Notices},
  volume={40},
  number={6},
  pages={62--72},
  year={2005},
  organization={ACM, États-Unis}
}

@Electronic{ nitlanguage.org,
	title = "The Nit Programming Language",
	url = "http://nitlanguage.org/",
	howpublished = "\url{http://nitlanguage.org/}",
	year={2011},
	month={Août},
	key={The Nit Programming Language},
	author={Privat, J.}
}

@article{gelinas2009,
  title={Pr{\'e}vention de d{\'e}r{\'e}f{\'e}rencement de r{\'e}f{\'e}rences nulles dans un langage à objets},
  author={G{\'e}linas, J.S. and Gagnon, {\'E}.M. and Privat, J.},
  year={2009},
  booktitle={Langages et Modèles à Objets (LMO'09)},
  volume={L-3 de RNTI},
  pages={5--16},
  volume={Cépaduès, France}
}

@TechReport{nit,
	title = {A Concise Reference of the Nit Langage},
	author = {Privat, J.},
	institution = {UQAM, Canada},
	year={2011},
}

@inproceedings{privat2005,
  title={Raffinement de classes dans les langages {\`a} objets statiquement typ{\'e}s},
  author={Privat, J. and Ducournau, R.},
  year={2005},
  booktitle={Langages et Modèles à Objets (LMO'05)},
  volume={11(1-2) de L'objet},
  pages={17--32},
  volume={Hermes, France}
}


@article{ducournau2010metamodeling,
  title={Metamodeling semantics of multiple inheritance},
  author={Ducournau, R. and Privat, J.},
  journal={Science of Computer Programming},
  year={2010},
  pages={32},
  publisher={Elsevier, Pays-Bas}
}


@inproceedings{ccured,
  title={CCured: type-safe retrofitting of legacy code},
  author={Necula, G.C. and McPeak, S. and Weimer, W.},
  booktitle={ACM SIGPLAN Notices},
  volume={37},
  number={1},
  pages={128--139},
  year={2002},
  organization={ACM, États-Unis}
}

@article{ocaml,
  title={Using, Understanding, and Unraveling the OCaml Language From Practice to Theory and Vice Versa},
  author={R{\'e}my, D.},
  journal={Applied Semantics},
  pages={115--137},
  year={2002},
  publisher={Springer, Allemagne}
}

@article{md5,
  title={The MD5 message-digest algorithm},
  author={Rivest, R.},
  year={1992},
  journal="\url{http://www.ietf.org/rfc/rfc1321.txt}",
  organization={Internet Engineering Task Force}
}

@book{stevens2003unix,
  title={UNIX network programming: volume 1: the sockets networking API},
  author={Stevens, W.R. and Fenner, B. and Rudoff, A.M.},
  year={2003},
  publisher={Addison-Wesley, États-Unis},
  chapter={3-4}
}

@book{signals,
  title={Advanced programming in the UNIX environment},
  author={Stevens, W.R. and Rago, S.A. and Ritchie, D.M.},
  volume={4},
  year={1992},
  publisher={Addison-Wesley, États-Unis},
  chapter={10}
}

@article{json,
  title={The application/json media type for javascript object notation (json)},
  author={Crockford, D.},
  year={2006},
  journal="\url{http://www.ietf.org/rfc/rfc4627.txt}",
  organization={Internet Engineering Task Force}
}

@Electronic{ curl,
	title = {cURL and libcurl},
	url = "http://curl.haxx.se/",
	howpublished = "\url{http://curl.haxx.se/}",
	year={2011},
	month={sep},
	key={cURL}
}

@Electronic{ gtk,
	title = "The GTK+ Project",
	url = "http://www.gtk.org/",
	howpublished = "\url{http://www.gtk.org/}",
	year={2011},
	month={sep},
	key={GTK+}
}

@Electronic{ berlin,
	title = "Berlin",
	url = "http://berlin.thirdside.ca/",
	howpublished = "\url{http://berlin.thirdside.ca/}",
	year={2011},
	month={sep},
	key={Berlin},
	author={Malette-Campeau, G. and Blais, C. and Giordano, J.J. }
}

@Electronic{ risk,
	title = "RISK",
	url = "http://www.hasbro.com/risk/",
	howpublished = "\url{http://www.hasbro.com/risk/}",
	year={2011},
	month={sep},
	key={RISK}
}

@book{opengl,
  title={OpenGL Programming Guide: the official guide to learning OpenGL},
  author={Woo, M. and Neider, J. and Davis, T. and Shreiner, D.},
  year={1999},
  publisher={Addison-Wesley Longman Publishing, États-Unis}
}

@Electronic{ pygame,
	title = "pygame - python game development",
	url = "http://pygame.org/wiki/about",
	howpublished = "\url{http://pygame.org/wiki/about}",
	year={2011},
	month={sep},
	key={pygame}
}

@Electronic{ totem,
	title = "Totem - GNOME Live!",
	url = "http://live.gnome.org/Totem",
	howpublished = "\url{http://live.gnome.org/Totem}",
	year={2011},
	month={sep},
	key={totem}
}

@TechReport{ vala,
	title = {The Vala Guide},
	author = "V. Madiath",
	year = "2010"
}

@inproceedings{tismer2000continuations,
  title={Continuations and stackless Python},
  author={Tismer, C.},
  booktitle={Proceedings of the 8th International Python Conference},
  pages={11--20},
  year={2000}
}

@Electronic{ eveonline,
	title = "EVE Online",
	url = "http://www.eveonline.com/",
	howpublished = "\url{http://www.eveonline.com/}",
	year={2011},
	month={sep},
	key={EVE Online}
}

@article{ducournau2002,
  title={“Real World” as an Argument for Covariant Specialization in Programming and Modeling},
  author={Ducournau, R.},
  journal={Advances in Object-Oriented Information Systems},
  pages={3--13},
  year={2002},
  publisher={Springer, Allemagne}
}

@book{juneau2010definitive,
  title={The definitive guide to Jython: Python for the Java platform},
  author={Juneau, J. and Baker, J. and Soto, L. and Ng, V. and Wierzbicki, F.},
  year={2010},
  publisher={Springer, Allemagne}
}

@book{edelson2008jruby,
  title={JRuby cookbook},
  author={Edelson, J. and Liu, H.},
  year={2008},
  publisher={O'Reilly Media, États-Unis}
}

@article{hugunin2004ironpython,
  title={IronPython: A fast Python implementation for .NET and Mono},
  author={Hugunin, J. and others},
  journal={PyCon. Python Software Foundation, March},
  year={2004}
}

@Electronic{ github-xymus,
	title = "GitHub - lib at wip from xymus/nit",
	url = "\url{https://github.com/xymus/nit/tree/wip/lib}",
	howpublished = "\url{https://github.com/xymus/nit/tree/wip/lib}",
	year={2011},
	month={sep},
	key={GitHub - xymus/nit/lib},
	author={Laferrière, A. and others}
}

@Electronic{ github-nfm,
	title = "GitHub - lib at wip from xymus/nit",
	url = "\url{https://github.com/xymus/nit-forest-sim}",
	howpublished = "\url{https://github.com/xymus/nit-forest-sim}",
	year={2011},
	month={sep},
	key={GitHub - xymus/nit-forest-sim},
	author={Laferrière, A.}
}

@article{meyer1987eiffel,
  title={Eiffel: programming for reusability and extendibility},
  author={Meyer, B.},
  journal={ACM Sigplan Notices},
  volume={22},
  number={2},
  pages={85--94},
  year={1987},
  publisher={ACM, États-Unis}
}

@book{marshall2008csharp,
  title={Programming Microsoft Visual C# 2008: The Language},
  author={Marshall, D.},
  year={2008},
  publisher={Microsoft Press, États-Unis}
}

@book{marshall2008csharp,
  title={Programming Microsoft Visual C# 2008: The Language},
  author={Marshall, D.},
  year={2008},
  publisher={Microsoft Press, États-Unis}
}

@book{pappas1995visual,
  title={The visual C++ handbook},
  author={Pappas, C.H. and Murray, W.H.},
  year={1995},
  publisher={McGraw-Hill Osborne Media, États-Unis},
  pages={632--633}
}

@inproceedings{beazley1996swig,
  title={SWIG: An easy to use tool for integrating scripting languages with C and C++},
  author={Beazley, D.M. and others},
  booktitle={Proceedings of the 4th USENIX Tcl/Tk workshop},
  pages={129--139},
  year={1996}
}

@Manual{ansi-c89,
  title =        "American National Standard Programming Language C,
                 {ANSI} X3.159-1989",
  organization = pub-ANSI,
  address =      pub-ANSI:adr,
  year =         "1989",
  month =        dec # " 14",
  acknowledgement = ack-nhfb,
}
@MastersThesis{ laferriere2012,
	author = "Laferri{\`e}re, A.",
	title = "L’interface native de {N}it, un langage de programmation {\`a} objets",
	year = "2012",
	month = mar,
	school = "Universit{\'e} du Qu{\'e}bec {\`a} Montr{\'e}al"
}


